@article{Besag1974,
author = {Besag, J.},
title = {Spatial Interaction and the Statistical Analysis of Lattice Systems},
journal = {Journal of the Royal Statistical Society: Series B (Methodological)},
volume = {36},
number = {2},
pages = {192-225},
keywords = {markov fields, spatial interaction, auto-models, nearest-neighbour schemes, statistical analysis of lattice schemes, coding techniques, simultaneous bilateral autoregressions, conditional probability models},
doi = {https://doi.org/10.1111/j.2517-6161.1974.tb00999.x},
url = {https://rss.onlinelibrary.wiley.com/doi/abs/10.1111/j.2517-6161.1974.tb00999.x},
eprint = {https://rss.onlinelibrary.wiley.com/doi/pdf/10.1111/j.2517-6161.1974.tb00999.x},
year = {1974}
}


@book{SurveyStats,
  title={A survey of statistical network models},
  author={Goldenberg, A. and Zheng, A.X. and Fienberg, S.E. and Airoldi, E.M.},
  year={2010},
  publisher={Now Publishers Inc}
}


@article{Snidjers2002,
  title={Conditional maximum likelihood estimation under various specifications of exponential random graph models},
  author={Snijders, T.A.B. and Van Duijn, M.A.J.},
  journal={Contributions to social network analysis, information theory, and other topics in statistics},
  pages={117--134},
  year={2002},
  publisher={Department of Statistics, University of Stockholm Stockholm, SE}
}


@article{Snidjers2010,
  title={Conditional marginalization for exponential random graph models},
  author={Snijders, T.A.B.},
  journal={Journal of Mathematical Sociology},
  volume={34},
  number={4},
  pages={239--252},
  year={2010},
  publisher={Taylor \& Francis}
}
@article{snijders_markov_2002,
  title={Markov chain Monte Carlo estimation of exponential random graph models},
  author={Snijders, T.A.B.},
  journal={Journal of Social Structure},
  volume={3},
  number={2},
  pages={1--40},
  year={2002}
}
@article{Snidjers2006,
  title={New specifications for exponential random graph models},
  author={Snijders, T.A.B. and Pattison, P.E. and Robins, G.L. and Handcock, M.S.},
  journal={Sociological methodology},
  volume={36},
  number={1},
  pages={99--153},
  year={2006},
  publisher={Wiley Online Library}
}
@article{snijders2011statistical,
  title={Statistical models for social networks},
  author={Snijders, T.A.B.},
  journal={Annual review of sociology},
  volume={37},
  pages={131--153},
  year={2011},
  publisher={Annual Reviews}
}
@misc{HCTheoremImpact,
  title={The Hammersley-Clifford Theorem and its Impact on Modern Statistics},
  author={Langseth, H.},
  publisher={Thesis presentation for Department of Mathematical Sciences at Norwegian~â€¦}
}

@techreport{NBERw20276,
  title={Tractable and consistent random graph models},
  author={Chandrasekhar, A.G. and Jackson, M.O.},
  year={2014},
  institution={National Bureau of Economic Research}
}


@inproceedings{BigNetworks,
  title={Exponential random graph models with big networks: Maximum pseudolikelihood estimation and the parametric bootstrap},
  author={Schmid, C.S. and Desmarais, B.A.},
  booktitle={2017 IEEE International Conference on Big Data (Big Data)},
  pages={116--121},
  year={2017},
  organization={IEEE}
}
@incollection{MonteCarloMethods,
  title={General principles of the monte carlo method},
  author={Hammersley, J.M. and Handscomb, D.C.},
  booktitle={Monte Carlo Methods},
  pages={50--75},
  year={1964},
  publisher={Springer}
}

@article{BirdsFeather,
  title={Birds of a feather, or friend of a friend? Using exponential random graph models to investigate adolescent social networks},
  author={Goodreau, S.M. and Kitts, J.A. and Morris, M.},
  journal={Demography},
  volume={46},
  number={1},
  pages={103--125},
  year={2009},
  publisher={Springer}
}
@article{RProject,
  title={Introduction to network modeling using Exponential Random Graph models (ERGM)},
  author={Van Der Pol, J.},
  year={2017}
}


@article{NetworkMechanics,
  title={Statistical mechanics of networks},
  author={Park, J. and Newman, M.E.J.},
  journal={Physical Review E},
  volume={70},
  number={6},
  pages={066117},
  year={2004},
  publisher={APS}
}


@article{ActorOrientedModels,
  title={Stochastic actor-oriented models for network dynamics},
  author={Snijders, T.A.B.},
  journal={Annual Review of Statistics and Its Application},
  volume={4},
  pages={343--363},
  year={2017},
  publisher={Annual Reviews}
}

@article{TERGMS,
  title={Temporal Exponential Random Graph Models (TERGMs) for dynamic network modeling in statnet},
  author={Handcock, M.S. and Butts, C.T. and Hunter, D.R. and Goodreau, S.M. and de-Moll, Skye B. and Krivitsky, P.N. and Morris, M.},
  journal={Sunbelt 2015},
  year={2015}
}
@article{ERGMSStat,
  title={statnet: Software tools for the representation, visualization, analysis and simulation of network data},
  author={Handcock, M.S. and Hunter, D.R. and Butts, C.T. and Goodreau, S.M. and Morris, M.},
  journal={Journal of statistical software},
  volume={24},
  number={1},
  pages={1548},
  year={2008},
  publisher={NIH Public Access}
}

@article{ERGMSStatTutorial,
  title={A statnet Tutorial},
  author={Goodreau, S.M. and Handcock, M.S. and Hunter, D.R. and Butts, C.T. and Morris, M.},
  journal={Journal of statistical software},
  volume={24},
  number={9},
  pages={1},
  year={2008},
  publisher={NIH Public Access}
}



@online{CollaborativeFiltering,
    author = {E. Bernhardsson},
title = {Collaborative Filtering at Spotify},
year = 2018,
url = {https://www.slideshare.net/erikbern/collaborative-filtering-at-spotify-16182818}}



@misc{ScalableMonteCarlo,
      title={A Simple Algorithm for Scalable Monte Carlo Inference}, 
      author={A. Borisenko and M. Byshkin and A. Lomi},
      year={2020},
      eprint={1901.00533},
      archivePrefix={arXiv},
      primaryClass={stat.CO}
}


@book{HCTheoremImpact,
  title={Distributed and accelerated inference algorithms for probabilistic graphical models},
  author={Asuncion Jr, A.U.},
  year={2011},
  publisher={University of California, Irvine}
}

@book{MonteCarloMethods,
  title={Monte Carlo Methods},
  author={J.M. Hammersely, D.C. Handscomb},
  year={1964},
  publisher={Meuthen Co}
}

@online{MarkovChainRevolution,
    author = {P. Diaconis},
title = {The Markov Chain Monte Carlo Revolution},
url = {https://statweb.stanford.edu/~cgates/PERSI/papers/MCMCRev.pdf}}



@misc{RegresionLogistica,
  title={Regresi{\'o}n log{\'\i}stica.[Internet]. Madrid: Facultad de Ciencias Econ{\'o}micas y Empresariales UAM; 2011.[citado 7/8/2019]},
  author={De la Fuente Fern{\'a}ndez, S.}
}


@article{PModelsSocial,
  title={An introduction to exponential random graph (p*) models for social networks},
  author={Robins, G. and Pattison, P. and Kalish, Y and Lusher, D.},
  journal={Social networks},
  volume={29},
  number={2},
  pages={173--191},
  year={2007},
  publisher={Elsevier}
}
@article{StochasticRelaxation,
  title={Stochastic relaxation, Gibbs distributions, and the Bayesian restoration of images},
  author={Geman, S. and Geman, D.},
  journal={IEEE Transactions on pattern analysis and machine intelligence},
  number={6},
  pages={721--741},
  year={1984},
  publisher={IEEE}
}


@article{MakovChains,
  title={Markov chain Monte Carlo lecture notes},
  author={Geyer, C.J.},
  journal={Course notes, Spring Quarter},
  year={1998}
}
@article{GoodOfFitSocialNetwork,
  title={Goodness of fit of social network models},
  author={Hunter, D.R. and Goodreau, S M and Handcock, M.S.},
  journal={Journal of the American Statistical Association},
  volume={103},
  number={481},
  pages={248--258},
  year={2008},
  publisher={Taylor \& Francis}
}



@article{BayesianInference,
  title={Bayesian inference: Gibbs sampling},
  author={Yildirim, I.},
  journal={Technical Note, University of Rochester},
  year={2012}
}

@article{hunter2007curved,
  title={Curved exponential family models for social networks},
  author={Hunter, David R},
  journal={Social networks},
  volume={29},
  number={2},
  pages={216--230},
  year={2007},
  publisher={Elsevier}
}